% This file was created with JabRef 2.7b.
% Encoding: UTF-8

@BOOK{HopUll2003,
author ={ J. E. Hopcroft and J. D. Ullman},
title = {Wprowadzenie do teorii automatów, języków i obliczeń},
publisher = {Wydawnictwo Naukowe PWN},
year = {2008}
}

@book{knuth1989concrete,
  added-at = {2008-04-23T10:18:06.000+0200},
  address = {Reading},
  author = {Graham, Ronald L. and Knuth, Donald E. and Patashnik, Oren},
  biburl = {https://www.bibsonomy.org/bibtex/2ccef670ef39186763ecd379d2cca1e0a/jaeschke},
  interhash = {a1450d7bb87f0107150d43a314a88326},
  intrahash = {ccef670ef39186763ecd379d2cca1e0a},
  keywords = {computer knuth latex math science},
  publisher = {Addison-Wesley},
  timestamp = {2014-07-28T15:57:31.000+0200},
  title = {Concrete Mathematics: A Foundation for Computer Science},
  year = 1989
}

@book{Flajolet_08,
  added-at = {2020-11-16T00:29:59.000+0100},
  author = {Flajolet, Philippe and Sedgewick, Robert},
  biburl = {https://www.bibsonomy.org/bibtex/2a1dc258835b053cc3ef1642e1ea72e53/derek-jones},
  data = {NA},
  interhash = {6c26343952882be094790f120504c834},
  intrahash = {a1dc258835b053cc3ef1642e1ea72e53},
  isbn = {978-0521898065},
  keywords = {imported},
  online = {analytic-combin.pdf},
  publisher = {Cambridge University Press},
  timestamp = {2020-11-16T00:29:59.000+0100},
  title = {Analytic Combinatorics},
  year = 2008
}

@book{meyers2014effective,
  title={Effective Modern C++: 42 Specific Ways to Improve Your Use of C++11 and C++14},
  author={Meyers, S.},
  isbn={9781491903995},
  lccn={2015302784},
  url={https://books.google.pl/books?id=I5_joAEACAAJ},
  year={2014},
  publisher={O'Reilly}
}

@book{10.5555/2911024,
author = {Granlund, Torbjrn and Gmp Development Team},
title = {GNU MP 6.0 Multiple Precision Arithmetic Library},
year = {2015},
isbn = {9789888381968},
publisher = {Samurai Media Limited},
address = {London, GBR},
abstract = {GNU MP is a portable library written in C for arbitrary precision arithmetic on integers, rational numbers, and floating-point numbers. It aims to provide the fastest possible arithmetic for all applications that need higher precision than is directly supported by the basic C types.}
}






